<?xml version="1.0" encoding="UTF-8"?><collection xmlns="http://www.loc.gov/MARC21/slim"><record><leader>00560nam--2200205-u-4500</leader><controlfield tag="001">000050513</controlfield><controlfield tag="002">20161230</controlfield><controlfield tag="003">81911</controlfield><controlfield tag="005">20161230201048</controlfield><controlfield tag="008">070905s1000------------r-----000-0-eng-d</controlfield><datafield ind1=" " ind2=" " tag="020"><subfield code="a">99971-50-160-0</subfield></datafield><datafield ind1=" " ind2=" " tag="040"><subfield code="a">IFIN-HH</subfield></datafield><datafield ind1=" " ind2=" " tag="080"><subfield code="a">530.14:510.23</subfield></datafield><datafield ind1="1" ind2=" " tag="100"><subfield code="a">Lopuszanski,Jan</subfield></datafield><datafield ind1="1" ind2="0" tag="245"><subfield code="a">An Introduction to Symmetry and Supesymmetry in Quantum Field Theory</subfield><subfield code="c">Jan Lopuszanski</subfield></datafield><datafield ind1=" " ind2=" " tag="260"><subfield code="a">Singapore</subfield><subfield code="b">World Scientific</subfield><subfield code="c">1991</subfield></datafield><datafield ind1=" " ind2=" " tag="300"><subfield code="a">373 p</subfield></datafield><datafield ind1=" " ind2="4" tag="650"><subfield code="a">Principle of Relativity</subfield></datafield><datafield ind1=" " ind2=" " tag="852"><subfield code="c">530.145</subfield></datafield><datafield ind1=" " ind2=" " tag="CAT"><subfield code="a">Sys</subfield><subfield code="c">20110404</subfield><subfield code="h">142437</subfield></datafield></record></collection>